%! Author = ben
%! Date = 23.10.2023
@online{informatik-bg,
    author = {Kilthau, Oliver and Metz, Berthold},
    title = {BubbleSort},
    date = {2023-10-23},
    url = {https://informatik-bg.de/jg2-bpe-7-2-sortier-und-suchalgorithmen/bubble-sort},
}

@Online{bubble-sort-aufwand,
  author = {Andreas Borchert},
  date   = {2023-10-23},
  title  = {Aufwand des Bubble-Sort-Algorithmus},
  url    = {https://www.mathematik.uni-ulm.de/sai/ws04/prog/slides/sortalg-13.html},
}

@Online{big-o-notation,
  author = {Shen Huang},
  date   = {2023-10-23},
  title  = {What is Big O Notation Explained: Space and Time Complexity},
  url    = {https://www.freecodecamp.org/news/big-o-notation-why-it-matters-and-why-it-doesnt-1674cfa8a23c/},
}

@Online{selection-sort,
  author = {Prof. Dr. Beat Döbeli Honegger and André Frey and Philippe Braxmeier},
  date   = {2023-10-23},
  title  = {Selection Sort: Die Kleinsten zuerst},
  url    = {https://ilearnit.ch/de/3c/explain_sort3.html},
}

@Online{selection-sort-complexity,
  author = {Sven Woltmann},
  date   = {2023-10-23},
  title  = {Selection Sort – Algorithmus, Quellcode, Zeitkomplexität},
  url    = {https://www.happycoders.eu/de/algorithmen/selection-sort/},
}

@Online{insertion-sort,
  author  = {Sven Woltmann},
  date    = {2023-10-24},
  title   = {Insertion Sort - Algorithmus, Quellcode, Zeitkomplexität},
  url     = {https://www.happycoders.eu/de/algorithmen/insertion-sort/},
}

@Online{quick-sort,
  author = {Prof. Dr. Beat Döbeli Honegger and André Frey and Philippe Braxmeier},
  date   = {2023-10-24},
  title  = {Quick Sort: Unheimlich schnell!},
  url    = {https://ilearnit.ch/de/3c/explain_sort4.html},
}

@Online{quick-sort-complexity,
  author = {Sven Woltmann},
  date   = {2023-10-24},
  title  = {Quicksort – Algorithmus, Quellcode, Zeitkomplexität},
  url    = {https://www.happycoders.eu/de/algorithmen/quicksort/#Quicksort_Zeitkomplexitat},
}

@Online{recursion,
  author = {Moritz Lenz},
  date   = {2023-10-24},
  title  = {Rekursion erklärt},
  url    = {https://perlgeek.de/de/artikel/rekursion},
}

@Online{linear-datastructures,
  author = {Frank Heitmann},
  date   = {2023-10-24},
  title  = {Algorithmen und Datenstrukturen Kapitel 4},
  url    = {https://www2.informatik.uni-hamburg.de/TGI/lehre/vl/WS1516/AuD/Folien/aud_v4.pdf},
}

@Online{asymptomic-analysis,
  author = {Diverse},
  date   = {2023-10-25},
  title  = {Asymptotische Analyse},
  url    = {https://de.wikipedia.org/wiki/Asymptotische_Analyse},
}

@Online{sorting-algos,
  author = {Sven Woltmann},
  date   = {2023-10-26},
  title  = {Sortieralgorithmen [Ultimate Guide]},
  url    = {https://www.happycoders.eu/de/algorithmen/sortieralgorithmen/},
}

@Comment{jabref-meta: databaseType:biblatex;}
