%! Author = ben
%! Date = 23.10.2023
@online{informatik-bg,
    author = {Kilthau, Oliver and Metz, Berthold},
    title = {BubbleSort},
    date = {2023-10-23},
    url = {https://informatik-bg.de/jg2-bpe-7-2-sortier-und-suchalgorithmen/bubble-sort},
}

@Online{bubble-sort-aufwand,
  author = {Andreas Borchert},
  date   = {2023-10-23},
  title  = {Aufwand des Bubble-Sort-Algorithmus},
  url    = {https://www.mathematik.uni-ulm.de/sai/ws04/prog/slides/sortalg-13.html},
}

@Online{big-o-notation,
  author = {Shen Huang},
  date   = {2023-10-23},
  title  = {What is Big O Notation Explained: Space and Time Complexity},
  url    = {https://www.freecodecamp.org/news/big-o-notation-why-it-matters-and-why-it-doesnt-1674cfa8a23c/},
}

@Online{selection-sort,
  author = {Prof. Dr. Beat Döbeli Honegger and André Frey and Philippe Braxmeier},
  date   = {2023-10-23},
  title  = {Selection Sort: Die Kleinsten zuerst},
  url    = {https://ilearnit.ch/de/3c/explain_sort3.html},
}

@Online{selection-sort-complexity,
  author = {Sven Woltmann},
  date   = {2023-10-23},
  title  = {Selection Sort – Algorithmus, Quellcode, Zeitkomplexität},
  url    = {https://www.happycoders.eu/de/algorithmen/selection-sort/},
}

@Online{insertion-sort,
  author  = {Sven Woltmann},
  date    = {2023-10-24},
  title   = {Insertion Sort - Algorithmus, Quellcode, Zeitkomplexität},
  url     = {https://www.happycoders.eu/de/algorithmen/insertion-sort/},
}

@Comment{jabref-meta: databaseType:biblatex;}
